<record><leader>00000cas a2200000 a 4500</leader><controlfield tag="001">12953467</controlfield><controlfield tag="008">851224d18761894tnudr ne      0    0eng c</controlfield><datafield ind1=" " ind2=" " tag="010"><subfield code="a">sn 85052217 </subfield></datafield><datafield ind1=" " ind2=" " tag="040"><subfield code="a">KNP</subfield><subfield code="b">eng</subfield><subfield code="c">KNP</subfield><subfield code="d">DLC</subfield><subfield code="d">NPX</subfield><subfield code="d">KNP</subfield><subfield code="d">MGN</subfield><subfield code="d">CNK</subfield><subfield code="d">TGN</subfield><subfield code="d">CVF</subfield><subfield code="d">DLC</subfield><subfield code="d">CRL</subfield><subfield code="d">DLC</subfield><subfield code="d">TXA</subfield><subfield code="d">OCLCQ</subfield><subfield code="d">OCLCA</subfield><subfield code="d">OCLCF</subfield></datafield><datafield ind1="1" ind2=" " tag="029"><subfield code="a">AU@</subfield><subfield code="b">000041885817</subfield></datafield><datafield ind1=" " ind2=" " tag="042"><subfield code="a">pcc</subfield></datafield><datafield ind1=" " ind2=" " tag="043"><subfield code="a">n-us-tn</subfield></datafield><datafield ind1="0" ind2="0" tag="050"><subfield code="a">Newspaper 9848</subfield></datafield><datafield ind1="0" ind2=" " tag="130"><subfield code="a">Daily American (Nashville, Tenn.)</subfield></datafield><datafield ind1="1" ind2="4" tag="245"><subfield code="a">The daily American.</subfield></datafield><datafield ind1=" " ind2=" " tag="260"><subfield code="a">Nashville, Tenn. :</subfield><subfield code="b">American Co.,</subfield><subfield code="c">1876-1894.</subfield></datafield><datafield ind1=" " ind2=" " tag="300"><subfield code="a">v. :</subfield><subfield code="b">ill. (chiefly advertisements)</subfield></datafield><datafield ind1=" " ind2=" " tag="310"><subfield code="a">Daily</subfield></datafield><datafield ind1=" " ind2=" " tag="321"><subfield code="a">Daily (except Monday),</subfield><subfield code="b">Feb. 18, 1876-Oct. 2, 1881</subfield></datafield><datafield ind1="0" ind2=" " tag="362"><subfield code="a">Vol. 1, no. 146 (Feb. 18, 1876)-v. 20, no. 6539 (Sept. 29, 1894).</subfield></datafield><datafield ind1=" " ind2=" " tag="500"><subfield code="a">Publishers: American Co., 1876-1890; American Pub. Co., 1890-1894.</subfield></datafield><datafield ind1=" " ind2=" " tag="530"><subfield code="a">Available on microfilm from Tennessee State Library and Archives, and the Library of Congress, Photoduplication Service.</subfield></datafield><datafield ind1=" " ind2=" " tag="588"><subfield code="a">Description based on: Vol. 1, no. 146 (Feb. 18, 1876).</subfield></datafield><datafield ind1=" " ind2=" " tag="588"><subfield code="a">Latest issue consulted: Vol. 2, no. 574 (June 30, 1877).</subfield></datafield><datafield ind1=" " ind2="0" tag="651"><subfield code="a">Nashville (Tenn.)</subfield><subfield code="v">Newspapers.</subfield></datafield><datafield ind1=" " ind2="0" tag="651"><subfield code="a">Davidson County (Tenn.)</subfield><subfield code="v">Newspapers.</subfield></datafield><datafield ind1=" " ind2="7" tag="655"><subfield code="a">Newspapers.</subfield><subfield code="2">fast</subfield><subfield code="0">(OCoLC)fst01423814</subfield></datafield><datafield ind1=" " ind2="7" tag="651"><subfield code="a">Tennessee</subfield><subfield code="z">Davidson County.</subfield><subfield code="2">fast</subfield><subfield code="0">(OCoLC)fst01205346</subfield></datafield><datafield ind1=" " ind2="7" tag="651"><subfield code="a">Tennessee</subfield><subfield code="z">Nashville.</subfield><subfield code="2">fast</subfield><subfield code="0">(OCoLC)fst01204195</subfield></datafield><datafield ind1=" " ind2=" " tag="752"><subfield code="a">United States</subfield><subfield code="b">Tennessee</subfield><subfield code="c">Davidson</subfield><subfield code="d">Nashville.</subfield></datafield><datafield ind1="0" ind2=" " tag="775"><subfield code="t">Weekly American (Nashville, Tenn.)</subfield><subfield code="w">(DLC)sn 86053520</subfield></datafield><datafield ind1="0" ind2=" " tag="775"><subfield code="t">Semi-weekly American (Nashville, Tenn. : 1894)</subfield><subfield code="w">(DLC)sn 96091007</subfield></datafield><datafield ind1="0" ind2="8" tag="776"><subfield code="i">Online version:</subfield><subfield code="t">Daily American (Nashville, Tenn.)</subfield><subfield code="w">(DLC)  2012263143</subfield><subfield code="w">(OCoLC)794991294</subfield></datafield><datafield ind1="0" ind2="0" tag="780"><subfield code="t">American (Nashville, Tenn.)</subfield><subfield code="w">(DLC)sn 86071145</subfield><subfield code="w">(OCoLC)13190851</subfield></datafield><datafield ind1="0" ind2="0" tag="785"><subfield code="t">Nashville American (Nashville, Tenn. : 1894 : Daily)</subfield><subfield code="w">(DLC)sn 86071146</subfield><subfield code="w">(OCoLC)13191528</subfield></datafield><datafield ind1="4" ind2="1" tag="856"><subfield code="u">http://search.proquest.com/hnpnashvilletennessean/publicationbrowse/Main/</subfield></datafield></record>